
%%%%%%%%%%%%%%%%
@misc{Smarr:York,
	note = "J.W.~York, in {\it Sources of Gravitational Radiation} edited by L.~Smarr (Cambridge, 1979) 83--126."
}
%%%%%%%%%%%%%
@misc{Moesta,
    note = "P.~M{\"o}sta, {\it Puncture evolutions within the harmonic framework}, Ph.D.~Thesis, Albert Einstein Institute, Potsdam--Golm, 
    Germany (2008)."
}
%%%%%%%%%%
@misc{fobssn,
    note = "J.D.~Brown, P.~Diener, S.E.~Field, F.~Herrmann, L.E.~Kidder, A.H.~Mrou{\'e}, O.~Sarbach, E.~Schnetter and M.~Tiglio, in preparation."
}
%%%%%%%%%%%%%%%
@article{Smarr:1977uf,
      author         = "Smarr, Larry and York, James W.",
      title          = "{Kinematical conditions in the construction of
                        space-time}",
      journal        = "Phys.Rev.",
      volume         = "D17",
      pages          = "2529-2551",
      doi            = "10.1103/PhysRevD.17.2529",
      year           = "1978",
}
%%%%%%%%%
@misc{ADM:Witten,
	note = "R.~Arnowitt, S.~Deser, and C.W.~Misner, in {\it Gravitation: An Introduction to Current 
	Research} edited by L.~Witten (Wiley, 1962) 227--265."
}
%%%%%%%%%%
@Article{Friedrich:GH,
	author	= "Friedrich, H.",
	title	= "On the hyperbolicity of Einstein’s and other gauge ﬁeld equations",
	journal	= "Commun. Math. Phys.",
	volume	= "100",
	year	= "1985",
	pages	= "525-543"
}
%%%%%%%%%%%%
@article{Friedrich:2000qv,
      author         = "Friedrich, Helmut and Rendall, Alan D.",
      title          = "{The Cauchy problem for the Einstein equations}",
      journal        = "Lect.Notes Phys.",
      volume         = "540",
      pages          = "127-224",
      year           = "2000",
      eprint         = "gr-qc/0002074",
      archivePrefix  = "arXiv",
      primaryClass   = "gr-qc",
}

%%%%%%%%%%
@Article{Garfinkle:2001ni,
     author    = "Garfinkle, David",
     title     = "{Harmonic coordinate method for simulating generic
                  singularities}",
     journal   = "Phys. Rev.",
     volume    = "D65",
     year      = "2002",
     pages     = "044029",
     eprint    = "gr-qc/0110013",
     archivePrefix = "arXiv",
     doi       = "10.1103/PhysRevD.65.044029",
     SLACcitation  = "%%CITATION = GR-QC/0110013;%%"
}
%%%%%%%%%%%%%%%%
@article{Bona:2010is,
      author         = "Bona, C. and Bona-Casas, C. and Palenzuela, C.",
      title          = "{Action principle for Numerical Relativity evolution
                        systems}",
      journal        = "Phys.Rev.",
      volume         = "D82",
      pages          = "124010",
      doi            = "10.1103/PhysRevD.82.124010",
      year           = "2010",
      eprint         = "1008.0747",
      archivePrefix  = "arXiv",
      primaryClass   = "gr-qc",
}
%%%%%%%%
@article{Alic:2011gg,
      author         = "Alic, Daniela and Bona-Casas, Carles and Bona, Carles and
                        Rezzolla, Luciano and Palenzuela, Carlos",
      title          = "{A conformal and covariant formulation of the Z4 system
                        with constraint-violation damping}",
      year           = "2011",
      note           = "* Temporary entry *",
      eprint         = "1106.2254",
      archivePrefix  = "arXiv",
      primaryClass   = "gr-qc",
}
%%%%%%%%%%%%%%%%%
@Article{Bona:2003fj,
     author    = "Bona, C. and Ledvinka, T. and Palenzuela, C. and Zacek, M.
                  ",
     title     = "{General-covariant evolution formalism for Numerical
                  Relativity}",
     journal   = "Phys. Rev.",
     volume    = "D67",
     year      = "2003",
     pages     = "104005",
     eprint    = "gr-qc/0302083",
     archivePrefix = "arXiv",
     doi       = "10.1103/PhysRevD.67.104005",
     SLACcitation  = "%%CITATION = GR-QC/0302083;%%"
}
%%%%%%%%%%%%%%%
@Article{Bona:2003qn,
     author    = "Bona, C. and Ledvinka, T. and Palenzuela, C. and Zacek, M.
                  ",
     title     = "{A symmetry-breaking mechanism for the Z4 general-covariant
                  evolution  system}",
     journal   = "Phys. Rev.",
     volume    = "D69",
     year      = "2004",
     pages     = "064036",
     eprint    = "gr-qc/0307067",
     archivePrefix = "arXiv",
     doi       = "10.1103/PhysRevD.69.064036",
     SLACcitation  = "%%CITATION = GR-QC/0307067;%%"
}
%%%%%%%%%%%%%%%%%
@article{Alcubierre:2002kk,
      author         = "Alcubierre, Miguel and Bruegmann, Bernd and Diener, Peter
                        and Koppitz, Michael and Pollney, Denis and Seidel, Edward and Takahashi, Ryoji",
      title          = "{Gauge conditions for long term numerical black hole
                        evolutions without excision}",
      journal        = "Phys.Rev.",
      volume         = "D67",
      pages          = "084023",
      doi            = "10.1103/PhysRevD.67.084023",
      year           = "2003",
      eprint         = "gr-qc/0206072",
      archivePrefix  = "arXiv",
      primaryClass   = "gr-qc",
}

%%%%%%%%%%%%
@article{Bona:1994dr,
      author         = "Bona, Carles and Masso, Joan and Seidel, Edward and
                        Stela, Joan",
      title          = "{A New formalism for numerical relativity}",
      journal        = "Phys.Rev.Lett.",
      volume         = "75",
      pages          = "600-603",
      doi            = "10.1103/PhysRevLett.75.600",
      year           = "1995",
      eprint         = "gr-qc/9412071",
      archivePrefix  = "arXiv",
      primaryClass   = "gr-qc",
}

%%%%%%%%%
@Article{Shibata:1995we,
     author    = "Shibata, M. and Nakamura, T.",
     title     = "Evolution of three-dimensional gravitational waves:
                  Harmonic slicing case",
     journal   = "Phys. Rev.",
     volume    = "D52",
     year      = "1995",
     pages     = "5428-5444",
     SLACcitation  = "%%CITATION = PHRVA,D52,5428;%%"
}
%%%%%%%%%%%%%%%
@Article{Baumgarte:1998te,
     author    = "Baumgarte, Thomas W. and Shapiro, Stuart L.",
     title     = "On the numerical integration of Einstein's field
                  equations",
     journal   = "Phys. Rev.",
     volume    = "D59",
     year      = "1999",
     pages     = "024007",
     eprint    = "gr-qc/9810065",
     SLACcitation  = "%%CITATION = GR-QC 9810065;%%"
}
%%%%%%
@Book{Misner:1974qy,
     author    = "Misner, C. W. and Thorne, K. S. and Wheeler, J. A",
     title     = "Gravitation",
     publisher = "Freeman",
     year = "1973",
     numpages = "1279"
}
%%%%
@Book{Alcubierre,
    author = "Alcubierre, M.",
    title = "Introduction to 3+1 Numerical Relativity",
    publisher = "Oxford University Press",
    year = "2008",
    numpages = "444"
}
%%%%%
@Book{BaumgarteShapiro,
    author = "Baumgarte, T. W. and Shapiro, S. L.",
    title = "Numerical Relativity: Solving Einstein's Equations on the Computer",
    publisher = "Cambridge University Press",
    year = "2010",
    numpages = "698"
}
%%%%%%%%%%%
@Book{Weinberg,
     author = "Weinberg, S.",
     title = "Gravitation and Cosmology: Principles and Applications of the General Theory of Relativity",
     publisher = "John Wiley \& Sons, Inc.",
     year = "1972",
     numpages = "657"
}
%%%%%%%%%%%%%
@Article{Kreiss:2008ig,
     author    = "Kreiss, H. -O. and Reula, O. and Sarbach, O. and Winicour,
                  J.",
     title     = "{Boundary conditions for coupled quasilinear wave equations
                  with application to isolated systems}",
     journal   = "Commun. Math. Phys.",
     volume    = "289",
     year      = "2009",
     pages     = "1099-1129",
     eprint    = "0807.3207",
     archivePrefix = "arXiv",
     primaryClass  =  "gr-qc",
     doi       = "10.1007/s00220-009-0788-2",
     SLACcitation  = "%%CITATION = 0807.3207;%%"
}
%%%%%%%%%%%%%
@Article{Winicour:2009dr,
     author    = "Winicour, Jeffrey",
     title     = "{Disembodied boundary data for Einstein's equations}",
     journal   = "Phys. Rev.",
     volume    = "D80",
     year      = "2009",
     pages     = "124043",
     eprint    = "0909.1989",
     archivePrefix = "arXiv",
     primaryClass  =  "gr-qc",
     doi       = "10.1103/PhysRevD.80.124043",
     SLACcitation  = "%%CITATION = 0909.1989;%%"
}
%%%%%%%%%%%%
%%%%%%%%%%
@Article{Lindblom:2005qh,
     author    = "Lindblom, Lee and Scheel, Mark A. and Kidder, Lawrence E.
                  and Owen, Robert and Rinne, Oliver",
     title     = "{A New Generalized Harmonic Evolution System}",
     journal   = "Class. Quant. Grav.",
     volume    = "23",
     year      = "2006",
     pages     = "S447-S462",
     eprint    = "gr-qc/0512093",
     SLACcitation  = "%%CITATION = GR-QC/0512093;%%"
}
%%%%%%%%%%
@article{Szilagyi:2009qz,
      author         = "Szilagyi, Bela and Lindblom, Lee and Scheel, Mark A.",
      title          = "{Simulations of Binary Black Hole Mergers Using Spectral
                        Methods}",
      journal        = "Phys.Rev.",
      volume         = "D80",
      pages          = "124010",
      doi            = "10.1103/PhysRevD.80.124010",
      year           = "2009",
      eprint         = "0909.3557",
      archivePrefix  = "arXiv",
      primaryClass   = "gr-qc",
}
%%%%%%%%%%%%%%%%%
@article{Alvi:2002hu,
      author         = "Alvi, Kashif",
      title          = "{First order symmetrizable hyperbolic formulations of
                        Einstein's equations including lapse and shift as
                        dynamical fields}",
      journal        = "Class.Quant.Grav.",
      volume         = "19",
      pages          = "5153-5162",
      doi            = "10.1088/0264-9381/19/20/309",
      year           = "2002",
      eprint         = "gr-qc/0204068",
      archivePrefix  = "arXiv",
      primaryClass   = "gr-qc",
}
%%%%%%%%%%%%%%%
@article{Szilagyi:2006qy,
      author         = "Szilagyi, Bela and Pollney, Denis and Rezzolla, Luciano
                        and Thornburg, Jonathan and Winicour, Jeffrey",
      title          = "{An Explicit harmonic code for black-hole evolution using
                        excision}",
      journal        = "Class.Quant.Grav.",
      volume         = "24",
      pages          = "S275-S293",
      doi            = "10.1088/0264-9381/24/12/S18",
      year           = "2007",
      eprint         = "gr-qc/0612150",
      archivePrefix  = "arXiv",
      primaryClass   = "gr-qc",
}
%%%%%%%%%%%%
@misc{Brown:2008cca,
     note = "J.~D.~Brown, in {\it Quantum Mechanics of Fundamental Systems: The Quest for Beauty and Simplicity} edited by M.~Henneaux and J.~Zanelli (Springer, Berlin--Heidelberg--New York, 2009) 71--90. ArXiv:0803.0334 [gr-qc]."
}
%%%%%
@article{Brown:2010rya,
      author         = "Brown, J. D.",
      title          = "{Action Principle for the Generalized Harmonic
                        Formulation of General Relativity}",
      journal        = "Phys.Rev.",
      volume         = "D84",
      pages          = "084014",
      doi            = "10.1103/PhysRevD.84.084014",
      year           = "2011",
      eprint         = "1008.3177",
      archivePrefix  = "arXiv",
      primaryClass   = "gr-qc",
}
%%%%%%%%%%%%
@article{Brown:2011qg,
      author         = "Brown, J. David",
      title          = "{Generalized Harmonic Equations in 3+1 Form}",
      journal        = "Phys.Rev.",
      volume         = "D84",
      pages          = "124012",
      doi            = "10.1103/PhysRevD.84.124012",
      year           = "2011",
      eprint         = "1109.1707",
      archivePrefix  = "arXiv",
      primaryClass   = "gr-qc",
      SLACcitation   = "%%CITATION = ARXIV:1109.1707;%%",
}
%%%%%%%%%%%%
@Article{Hilditch:2010wp,
     author    = "Hilditch, David and Richter, Ronny",
     title     = "{Hyperbolic formulations of General Relativity with
                  Hamiltonian structure}",
     year      = "2010",
     eprint    = "1002.4119",
     archivePrefix = "arXiv",
     primaryClass  =  "gr-qc",
     SLACcitation  = "%%CITATION = 1002.4119;%%"
}
%%%%%%%
@article{Bernuzzi:2009ex,
      author         = "Bernuzzi, Sebastiano and Hilditch, David",
      title          = "{Constraint violation in free evolution schemes:
                        Comparing BSSNOK with a conformal decomposition of Z4}",
      journal        = "Phys.Rev.",
      volume         = "D81",
      pages          = "084003",
      doi            = "10.1103/PhysRevD.81.084003",
      year           = "2010",
      eprint         = "0912.2920",
      archivePrefix  = "arXiv",
      primaryClass   = "gr-qc",
}
%%%%%%%%%%%%%
@Article{Frauendiener:2008bt,
     author    = "Frauendiener, Jorg",
     title     = "{Symplectic integrators in numerical relativity}",
     year      = "2008",
     eprint    = "0805.4465",
     archivePrefix = "arXiv",
     primaryClass  =  "gr-qc",
     SLACcitation  = "%%CITATION = 0805.4465;%%"
}
%%%%%%%%%
@Article{Richter:2009ff,
     author    = "Richter, Ronny",
     title     = "{Strongly hyperbolic Hamiltonian systems in numerical
                  relativity: Formulation and symplectic integration}",
     journal   = "Class. Quant. Grav.",
     volume    = "26",
     year      = "2009",
     pages     = "145017",
     eprint    = "0902.1109",
     archivePrefix = "arXiv",
     primaryClass  =  "gr-qc",
     doi       = "10.1088/0264-9381/26/14/145017",
     SLACcitation  = "%%CITATION = 0902.1109;%%"
}
%%%%%%%
@Article{Anderson:2007kz,
     author    = "Anderson, Matthew and Hirschmann, Eric and Lehner, Luis and Liebling, Steven and Motl, Patrick and Neilson, David
	and Palenzuela, Carlos and Tohline, Joel",
     title     = "{Simulating binary neutron stars: dynamics and
                  gravitational waves}",
     journal   = "Phys. Rev.",
     volume    = "D77",
     year      = "2008",
     pages     = "024006",
     eprint    = "0708.2720",
     archivePrefix = "arXiv",
     primaryClass  =  "gr-qc",
     doi       = "10.1103/PhysRevD.77.024006",
     SLACcitation  = "%%CITATION = 0708.2720;%%"
}
%%%%%%%%%%%%%%%%%%%%%
@Article{Pretorius:2006tp,
     author    = "Pretorius, Frans",
     title     = "{Simulation of binary black hole spacetimes with a harmonic
                  evolution  scheme}",
     journal   = "Class. Quant. Grav.",
     volume    = "23",
     year      = "2006",
     pages     = "S529-S552",
     eprint    = "gr-qc/0602115",
     archivePrefix = "arXiv",
     doi       = "10.1088/0264-9381/23/16/S13",
     SLACcitation  = "%%CITATION = GR-QC/0602115;%%"
}
%%%%%%%%%%
@article{Pretorius:2005gq,
      author         = "Pretorius, Frans",
      title          = "{Evolution of binary black hole spacetimes}",
      journal        = "Phys.Rev.Lett.",
      volume         = "95",
      pages          = "121101",
      doi            = "10.1103/PhysRevLett.95.121101",
      year           = "2005",
      eprint         = "gr-qc/0507014",
      archivePrefix  = "arXiv",
      primaryClass   = "gr-qc",
}

%%%%%%%%%%%%%%%%%
@Article{Reula:1998ty,
     author    = "Reula, Oscar A.",
     title     = "{Hyperbolic methods for Einstein's equations}",
     journal   = "Living Rev. Rel.",
     volume    = "1",
     year      = "1998",
     pages     = "3",
     SLACcitation  = "%%CITATION = 00222,1,3;%%"
}
%%%%%%%%%%
@Article{Calabrese:2002ej,
     author    = "Calabrese, Gioel and Pullin, Jorge and Sarbach, Olivier and
                  Tiglio, Manuel",
     title     = "{Convergence and stability in numerical relativity}",
     journal   = "Phys. Rev.",
     volume    = "D66",
     year      = "2002",
     pages     = "041501",
     eprint    = "gr-qc/0207018",
     archivePrefix = "arXiv",
     doi       = "10.1103/PhysRevD.66.041501",
     SLACcitation  = "%%CITATION = GR-QC/0207018;%%"
}
%%%%%%%%%%%%
@article{Kreiss:2001cu,
      author         = "Kreiss, Heinz O. and Ortiz, Omar E.",
      title          = "{Some mathematical and numerical questions connected with
                        first and second order time dependent systems of partial
                        differential equations}",
      journal        = "Lect.Notes Phys.",
      volume         = "604",
      pages          = "359",
      year           = "2002",
      eprint         = "gr-qc/0106085",
      archivePrefix  = "arXiv",
      primaryClass   = "gr-qc",
}
%%%%%%%%%
@Book{Gustafsson,
	author  = "Gustafsson, B. and Kreiss, H.-O. and Oliger, J.",
	title   = "Time Dependent Problems and Difference Methods",
	publisher = "John Wiley and Sons",
	year = "1995",
	numpages = "642"
}
%%%%%%%%
@Article{Stewart,
	author = "Stewart, J. M.",
	title  = "The Cauchy problem and the initial boundary value 
 		problem in numerical relativity",
	journal = "Class. Quant. Grav.",
	volume  = "15",
	year    = "1998",
	pages   = "2865"
}

%%%%%%%%
@Book{HenneauxTeitelboim,
	author = "Henneaux, M. and Teitelboim, C",
	title = "Quantization of Gauge Systems",
	publisher = "Princeton University Press",
	year = "1992",
	numpages = "520"
}
%%%%%%
@Article{Brown:2005aq,
     author    = "Brown, J. David",
     title     = "Conformal invariance and the conformal-traceless
                  decomposition of the gravitational field",
     journal   = "Phys. Rev.",
     volume    = "D71",
     year      = "2005",
     pages     = "104011",
     eprint    = "gr-qc/0501092",
     SLACcitation  = "%%CITATION = GR-QC 0501092;%%"
}
%%%%%%%%%%%%
@Article{Kreiss:2006mi,
     author    = "Kreiss, H. -O. and Winicour, J.",
     title     = "{Problems which are well-posed in a generalized sense with
                  applications to the Einstein equations}",
     journal   = "Class. Quant. Grav.",
     volume    = "23",
     year      = "2006",
     pages     = "S405-S420",
     eprint    = "gr-qc/0602051",
     SLACcitation  = "%%CITATION = GR-QC/0602051;%%"
}


%%%%%%%%
@Article{Gundlach:2005ta,
     author    = "Gundlach, Carsten and Martin-Garcia, Jose M.",
     title     = "{Hyperbolicity of second-order in space systems of
                  evolution equations}",
     journal   = "Class. Quant. Grav.",
     volume    = "23",
     year      = "2006",
     pages     = "S387-S404",
     eprint    = "gr-qc/0506037",
     SLACcitation  = "%%CITATION = GR-QC/0506037;%%"
}

%%%%%%%
@Article{Reula:2004xd,
     author    = "Reula, Oscar A.",
     title     = "{Strongly hyperbolic systems in General Relativity}",
     year      = "2004",
     eprint    = "gr-qc/0403007",
     SLACcitation  = "%%CITATION = GR-QC/0403007;%%"
}
%%%%%%%
@Article{Nagy:2004td,
     author    = "Nagy, Gabriel and Ortiz, Omar E. and Reula, Oscar A.",
     title     = "{Strongly hyperbolic second order Einstein's evolution
                  equations}",
     journal   = "Phys. Rev.",
     volume    = "D70",
     year      = "2004",
     pages     = "044012",
     eprint    = "gr-qc/0402123",
     SLACcitation  = "%%CITATION = GR-QC/0402123;%%"
}

%%%%%%%%%%%
@Article{Friedrich:1985,
	author = "Friedrich, Helmut",
	title = "{On the hyperbolicity of Einstein's and other gauge field equations}",
	journal = "Commun. Math. Phys.",
	volume = "100",
	year = "1985",
	pages = "525-543"
}
%%%%%%%%%%
@Article{Pretorius:2004jg,
     author    = "Pretorius, Frans",
     title     = "{Numerical Relativity Using a Generalized Harmonic
                  Decomposition}",
     journal   = "Class. Quant. Grav.",
     volume    = "22",
     year      = "2005",
     pages     = "425-452",
     eprint    = "gr-qc/0407110",
     SLACcitation  = "%%CITATION = GR-QC/0407110;%%"
}
%%%%%%%
@article{Lindblom:2007xw,
      author         = "Lindblom, Lee and Matthews, Keith D. and Rinne, Oliver
                        and Scheel, Mark A.",
      title          = "{Gauge Drivers for the Generalized Harmonic Einstein
                        Equations}",
      journal        = "Phys.Rev.",
      volume         = "D77",
      pages          = "084001",
      doi            = "10.1103/PhysRevD.77.084001",
      year           = "2008",
      eprint         = "0711.2084",
      archivePrefix  = "arXiv",
      primaryClass   = "gr-qc",
}
%%%%%%%%%%
@article{Lindblom:2009tu,
      author         = "Lindblom, Lee and Szilagyi, Bela",
      title          = "{An Improved Gauge Driver for the GH Einstein System}",
      journal        = "Phys.Rev.",
      volume         = "D80",
      pages          = "084019",
      doi            = "10.1103/PhysRevD.80.084019",
      year           = "2009",
      eprint         = "0904.4873",
      archivePrefix  = "arXiv",
      primaryClass   = "gr-qc",
      SLACcitation   = "%%CITATION = ARXIV:0904.4873;%%",
}
%%%%%%%%%%%%%%%%%%%
@Article{vanMeter:2006vi,
     author    = "van Meter, James R. and Baker, John G. and Koppitz, Michael
                  and Choi, Dae-Il",
     title     = "{How to move a black hole without excision: gauge
                  conditions for the numerical evolution of a moving
                  puncture}",
     journal   = "Phys. Rev.",
     volume    = "D73",
     year      = "2006",
     pages     = "124011",
     eprint    = "gr-qc/0605030",
     SLACcitation  = "%%CITATION = GR-QC/0605030;%%"
}
%%%%%%%%%%%%%%%%
@article{Brown:2009ki,
      author         = "Brown, J. D.",
      title          = "{Probing the puncture for black hole simulations}",
      journal        = "Phys.Rev.",
      volume         = "D80",
      pages          = "084042",
      doi            = "10.1103/PhysRevD.80.084042",
      year           = "2009",
      eprint         = "0908.3814",
      archivePrefix  = "arXiv",
      primaryClass   = "gr-qc",
}
%%%%%%%%
@article{Brown:2009dd,
      author         = "Brown, J. D.",
      title          = "{Covariant formulations of BSSN and the standard gauge}",
      journal        = "Phys.Rev.",
      volume         = "D79",
      pages          = "104029",
      doi            = "10.1103/PhysRevD.79.104029",
      year           = "2009",
      eprint         = "0902.3652",
      archivePrefix  = "arXiv",
      primaryClass   = "gr-qc",
}
%%%%%%%%%%%
@Article{Brown:actionenergy,
	author = "Brown, J. D. and Lau, S. R. and York, J. W.",
	title = "{Action and energy of the gravitational field}",
	journal = "Ann. Phys.",
	volume = "297",
	year = "2002",
	pages = "175-218",
	eprint = "gr-qc/0010024"
}
%%%%%%%%%%%%%%%
@article{Beyer:2004sv,
      author         = "Beyer, Horst R. and Sarbach, Olivier",
      title          = "{On the well posedness of the
                        Baumgarte-Shapiro-Shibata-Nakamura formulation of
                        Einstein's field equations}",
      journal        = "Phys.Rev.",
      volume         = "D70",
      pages          = "104004",
      doi            = "10.1103/PhysRevD.70.104004",
      year           = "2004",
      eprint         = "gr-qc/0406003",
      archivePrefix  = "arXiv",
      primaryClass   = "gr-qc",
}
%%%%%%%%%%%%%%%%%%%%
@Book{Weinberg:GRbook,
     author    = "Weinberg, Steven",
     title     = "Gravitation and Cosmology: Principles and Applications of the General 
     Theory of Relativity",
     publisher = "Wiley",
     year = "1972",
     numpages = "657"
}
%%%%%%
@Book{Wald:GRbook,
     author    = "Wald, Robert M.",
     title     = "General Relativity",
     publisher = "The University of Chicago Press",
     year = "1984",
     numpages = "491"
}
%%%%%%
@Book{Lambourne:GRbook,
     author    = "Lambourne, Robert J.A.",
     title     = "Relativity, Gravitation and Cosmology",
     publisher = "Cambridge University Press",
     year = "2010",
     numpages = "312"
}
%%%%
@book{carroll2003spacetime,
  added-at = {2010-01-21T15:47:21.000+0100},
  asin = {0805387323},
  author = {Carroll, Sean},
  biburl = {http://www.bibsonomy.org/bibtex/2a9db5ea9854d4856475d8a4254003365/random3f},
  description = {Spacetime and Geometry: An Introduction to General Relativity (9780805387322): Sean Carroll: Books},
  dewey = {530.11},
  ean = {9780805387322},
  interhash = {e69a446e3a84b681ad80f7979d7424a1},
  intrahash = {a9db5ea9854d4856475d8a4254003365},
  isbn = {0805387323},
  keywords = {GeneralRelativity Geometry books spacetime},
  publisher = {Benjamin Cummings},
  timestamp = {2010-01-21T15:47:21.000+0100},
  title = {Spacetime and Geometry: An Introduction to General Relativity},
  url = {http://www.amazon.com/Spacetime-Geometry-Introduction-General-Relativity/dp/0805387323},
  year = 2003
}
%%%%%%%%%%%%%%%%%%%%%%%%%%%%%%
@article{Meng, 
     author = "Cao, Meng and Brown, J. David",
     title  = "Covariant Gauge Conditions for Foliation Preserving Coordinate Transformations",
}

%%%%%%%%%%%%%%%%%%%%%%%%%%%%%%%
@Book{goldstein,
  author =	 {Goldstein, Herbert},
  title = 	 {Classical Mechanics},
  publisher = 	 {Addison-Wesley Publishing Company},
  year = 	 1980,
  address =	 {Reading, MA},
  edition =	 {2nd}
}
%%%%%%%%%%%%%%%%%%%%%%%
@article{Scheel:2006gg,
      author         = "Scheel, Mark A. and Pfeiffer, Harald P. and Lindblom, Lee
                        and Kidder, Lawrence E. and Rinne, Oliver and others",
      title          = "{Solving Einstein's equations with dual coordinate
                        frames}",
      journal        = "Phys.Rev.",
      volume         = "D74",
      pages          = "104006",
      doi            = "10.1103/PhysRevD.74.104006",
      year           = "2006",
      eprint         = "gr-qc/0607056",
      archivePrefix  = "arXiv",
      primaryClass   = "gr-qc",
      SLACcitation   = "%%CITATION = GR-QC/0607056;%%",
}
%%%%%%%%%%%%%%%%%%%%%%%%%%%%
@article{Scheel:2008rj,
      author         = "Scheel, Mark A. and Boyle, Michael and Chu, Tony and
                        Kidder, Lawrence E. and Matthews, Keith D. and others",
      title          = "{High-accuracy waveforms for binary black hole inspiral,
                        merger, and ringdown}",
      journal        = "Phys.Rev.",
      volume         = "D79",
      pages          = "024003",
      doi            = "10.1103/PhysRevD.79.024003",
      year           = "2009",
      eprint         = "0810.1767",
      archivePrefix  = "arXiv",
      primaryClass   = "gr-qc",
      SLACcitation   = "%%CITATION = ARXIV:0810.1767;%%",
}

%%%%%%%%%%%%%%%%%%%%%%%%%%%%%%%
@article{PhysRevD.66.041501,
  title = {Convergence and stability in numerical relativity},
  author = {Calabrese, Gioel and Pullin, Jorge and Sarbach, Olivier and Tiglio, Manuel},
  journal = {Phys. Rev. D},
  volume = {66},
  issue = {4},
  pages = {041501},
  numpages = {4},
  year = {2002},
  month = {Aug},
  publisher = {American Physical Society},
  doi = {10.1103/PhysRevD.66.041501},
  url = {http://link.aps.org/doi/10.1103/PhysRevD.66.041501},
}

%%%%%%%%%%%%%%%%%%%%%%%%%%%%%%%%
@article{0264-9381-23-16-S06,
  author={Carsten Gundlach and José M Martín-García},
  title={Hyperbolicity of second order in space systems of evolution equations},
  journal={Classical and Quantum Gravity},
  volume={23},
  number={16},
  pages={S387},
  url={http://stacks.iop.org/0264-9381/23/i=16/a=S06},
  year={2006},
  abstract={A possible definition of strong/symmetric hyperbolicity for a second-order system of evolution equations is that it admits a reduction to first order which is strongly/symmetric hyperbolic. We investigate the general system that admits a reduction to first order and give necessary and sufficient criteria for strong/symmetric hyperbolicity of the reduction in terms of the principal part of the original second-order system. An alternative definition of strong hyperbolicity is based on the existence of a complete set of characteristic variables, and an alternative definition of symmetric hyperbolicity is based on the existence of a conserved (up to lower-order terms) energy. Both these definitions are made without any explicit reduction. Finally, strong hyperbolicity can be defined through a pseudo-differential reduction to first order. We prove that both definitions of symmetric hyperbolicity are equivalent and that all three definitions of strong hyperbolicity are equivalent (in three space dimensions). We show how to impose maximally dissipative boundary conditions on any symmetric hyperbolic second-order system. We prove that if the second-order system is strongly hyperbolic, any closed constraint evolution system associated with it is also strongly hyperbolic, and that the characteristic variables of the constraint system are derivatives of a subset of the characteristic variables of the main system, with the same speeds.},
}

%%%%%%%%%%%%%%%%%%%
@inbook {Gustafsson-Well-posed, 
title = {Well-Posed Problems},
author = {Gustafsson, Bertil and Kreiss, Heinz-Otto and Oliger, Joseph},
publisher = {John Wiley \& Sons, Inc.},
isbn = {9781118548448},
url = {http://dx.doi.org/10.1002/9781118548448.ch3},
doi = {10.1002/9781118548448.ch3},
pages = {65--108},
keywords = {constant coefficients, Duhamel's principle, first-order systems, nonlinear problems, parabolic systems, priori estimates, scalar differential equations, stability, variable coefficients, well-posedness},
booktitle = {Time-Dependent Problems and Difference Methods},
year = {2013},
}

%%%%%%%%%%%%%%%%%%%%%%%%%%

@article{0264-9381-23-16-S07,
  author={H-O Kreiss and J Winicour},
  title={Problems which are well posed in a generalized sense with applications to the Einstein equations},
  journal={Classical and Quantum Gravity},
  volume={23},
  number={16},
  pages={S405},
  url={http://stacks.iop.org/0264-9381/23/i=16/a=S07},
  year={2006},
  abstract={In the harmonic description of general relativity, the principal part of the Einstein equations reduces to a constrained system of ten curved space wave equations for the components of the spacetime metric. We use the pseudo- differential theory of systems which are strongly well posed in the generalized sense to establish the well posedness of constraint-preserving boundary conditions for this system when treated in a second-order differential form. The boundary conditions are of a generalized Sommerfeld type that is benevolent for numerical calculation.},
}

%%%%%%%%%%%%%%%%%%%%%%

@article{PhysRevD.70.044012,
  title = {Strongly hyperbolic second order Einstein’s evolution equations},
  author = {Nagy, Gabriel and Ortiz, Omar E. and Reula, Oscar A.},
  journal = {Phys. Rev. D},
  volume = {70},
  issue = {4},
  pages = {044012},
  numpages = {15},
  year = {2004},
  month = {Aug},
  publisher = {American Physical Society},
  doi = {10.1103/PhysRevD.70.044012},
  url = {http://link.aps.org/doi/10.1103/PhysRevD.70.044012},
}

%%%%%%%%%%%%%%%%%%%%%%%%%%%%%%%%%%%%

@article{lrr-1998-3,
  title    = {Hyperbolic Methods for Einstein's Equations},
  author   = {Oscar A. Reula},
  journal  = {Living Reviews in Relativity},
  year     = {1998},
  number   = {3},
  volume   = {1},
  keywords = {mixed systems, symmetric hyperbolic, initial value problem, harmonic gauge, initial boundary value problem, evolution equations},
  doi      = {10.12942/lrr-1998-3},
  url      = {http://www.livingreviews.org/lrr-1998-3},
}

%%%%%%%%%%%%%%%%%%%%%%%%%%
@article{0264-9381-15-9-029,
  author={J M Stewart},
  title={The Cauchy problem and the initial boundary value problem in numerical relativity},
  journal={Classical and Quantum Gravity},
  volume={15},
  number={9},
  pages={2865},
  url={http://stacks.iop.org/0264-9381/15/i=9/a=029},
  year={1998},
  abstract={Some simple ideas on numerical tractability are introduced, and are used to determine under what conditions unconstrained evolution of Einstein's field equations for the Cauchy problem is possible. The initial boundary value problem for Einstein's equations is discussed and a precise description of what boundary data are needed is given. Unconstrained evolution is numerically tractable if and only if the boundary conditions respect the momentum constraints.},
}
%%%%%%%%%%%%%%%%%%%%%%%%%%%%%%
@article{lrr-2012-9,
  title    = {Continuum and Discrete Initial-Boundary Value Problems and Einstein's Field Equations},
  author   = {Olivier Sarbach and Manuel Tiglio},
  journal  = {Living Reviews in Relativity},
  year     = {2012},
  number   = {9},
  volume   = {15},
  keywords = {Partial differential equations, Boundary value problems},
  doi      = {10.12942/lrr-2012-9},
  url      = {http://www.livingreviews.org/lrr-2012-9},
}
%%%%%%%%%%%%%%%%%%%%%%%%%%%%%%%%%

@article{hadamard,
    author = {Hadamard, Jacques},
    citeulike-article-id = {7133163},
    journal = {Princeton University Bulletin},
    keywords = {ill-posed, problem},
    pages = {49--52},
    posted-at = {2010-05-07 01:16:41},
    priority = {2},
    title = {{Sur les probl\`{e}mes aux d\'{e}riv\'{e}s partielles et leur signification physique}},
    volume = {13},
    year = {1902}
}
%%%%%%%%%%%%%%%%%%%%%%%%%%%%%%%%
@book{evans2010partial,
  title={Partial Differential Equations},
  author={Evans, L.C.},
  isbn={9780821849743},
  lccn={2009044716},
  series={Graduate studies in mathematics},
  url={http://books.google.com/books?id=Xnu0o\_EJrCQC},
  year={2010},
  publisher={American Mathematical Society}
}
%%%%%%%%%%%%%%%%%%%%%%%%%%%%%%%%%%%
@book{strauss1992partial,
  title={Partial Differential Equations: An Introduction},
  author={Strauss, W.A.},
  isbn={9780471548683},
  lccn={lc91043999},
  url={http://books.google.com/books?id=5--vQgAACAAJ},
  year={1992},
  publisher={Wiley}
}
%%%%%%%%%%%%%%%%%%%%%%%%%%%%%%%%%%%
@book{Kreiss:navier-stokes,
author = {Heinz-Otto Kreiss and Jens Lorenz},
title = {Initial-Boundary Value Problems and the Navier-Stokes Equations},
publisher = {Society for Industrial and Applied Mathematics},
year = {2004},
doi = {10.1137/1.9780898719130},
address = {},
edition   = {},
URL = {http://epubs.siam.org/doi/abs/10.1137/1.9780898719130},
eprint = {http://epubs.siam.org/doi/pdf/10.1137/1.9780898719130}
}